<?xml version="1.0" encoding="UTF-8"?><marc:collection xmlns:marc="http://www.loc.gov/MARC21/slim" xmlns:xsi="http://www.w3.org/2001/XMLSchema-instance" xsi:schemaLocation="http://www.loc.gov/MARC21/slim http://www.loc.gov/standards/marcxml/schema/MARC21slim.xsd"><marc:record>
        <marc:leader>01858nam a2200313 u 4500</marc:leader>
        <marc:controlfield tag="001">000329480</marc:controlfield>
        <marc:controlfield tag="005">20190531104046.0</marc:controlfield>
        <marc:controlfield tag="008">190425s1769    pau           000 0 eng d</marc:controlfield>
        <marc:datafield tag="035" ind1=" " ind2=" ">
            <marc:subfield code="a">13</marc:subfield>
        </marc:datafield>
      <marc:datafield tag="099" ind1=" " ind2="9">
         <marc:subfield code="a">Rush MSS Vol. 124 (Yi2 7394.F.15)</marc:subfield>
      </marc:datafield>
        <marc:datafield tag="100" ind1="1" ind2=" ">
            <marc:subfield code="a">Rush, Benjamin,</marc:subfield>
            <marc:subfield code="d">1746-1813.</marc:subfield>
        </marc:datafield>
        <marc:datafield tag="245" ind1="1" ind2="0">
            <marc:subfield code="a">Lecture notes by Benjamin Rush on the Practice of medicine:</marc:subfield>
            <marc:subfield code="b">of local diseases, head ache, gulta serina and deafness, costiveness, ischuria, cancer, cutaneous diseases, and old age.</marc:subfield>
        </marc:datafield>
        <marc:datafield tag="260" ind1=" " ind2=" ">
            <marc:subfield code="a">[Philadelphia? :</marc:subfield>
            <marc:subfield code="b">publisher not identified,</marc:subfield>
            <marc:subfield code="c">between 1769 and 1813].</marc:subfield>
        </marc:datafield>
        <marc:datafield tag="300" ind1=" " ind2=" ">
            <marc:subfield code="a">677-720 p. ;</marc:subfield>
            <marc:subfield code="c">20 cm</marc:subfield>
        </marc:datafield>
        <marc:datafield tag="500" ind1=" " ind2=" ">
            <marc:subfield code="a">Title devised by cataloger.</marc:subfield>
        </marc:datafield>
        <marc:datafield tag="500" ind1=" " ind2=" ">
            <marc:subfield code="a">Manuscript notebook of lectures delivered by Benjamin Rush on various diseases and ailments, and their causes and treatments.</marc:subfield>
        </marc:datafield>
        <marc:datafield tag="500" ind1=" " ind2=" ">
            <marc:subfield code="a">Benjamin Rush began teaching at the University of Pennsylvania in 1769. He died in 1813.</marc:subfield>
        </marc:datafield>
        <marc:datafield tag="500" ind1=" " ind2=" ">
            <marc:subfield code="a">Paginated continuously from Vol. 110. Not all pages are numbered.</marc:subfield>
        </marc:datafield>
        <marc:datafield tag="590" ind1=" " ind2=" ">
            <marc:subfield code="a">Digitization funded by a grant from the Council on Library and Information Resources, 2019-2020. Part of “For the Health of the New Nation: Philadelphia as the Center of American Medical Education, 1746-1868,” a project organized by the Philadelphia Area Consortium of Special Collections Libraries (PACSCL).</marc:subfield>
        </marc:datafield>
        <marc:datafield tag="590" ind1=" " ind2=" ">
            <marc:subfield code="a">Library Company copy is missing pages 674-676.</marc:subfield>
        </marc:datafield>
        <marc:datafield tag="650" ind1=" " ind2="0">
            <marc:subfield code="a">Medical education.</marc:subfield>
        </marc:datafield>
        <marc:datafield tag="650" ind1=" " ind2="0">
            <marc:subfield code="a">Skin</marc:subfield>
            <marc:subfield code="x">Diseases.</marc:subfield>
        </marc:datafield>
        <marc:datafield tag="650" ind1=" " ind2="0">
            <marc:subfield code="a">Gastroenterology.</marc:subfield>
        </marc:datafield>
        <marc:datafield tag="651" ind1=" " ind2="1">
            <marc:subfield code="a">Pennsylvania</marc:subfield>
            <marc:subfield code="x">History</marc:subfield>
            <marc:subfield code="y">1775-1865.</marc:subfield>
        </marc:datafield>
        <marc:datafield tag="690" ind1=" " ind2="4">
            <marc:subfield code="a">EAMSS</marc:subfield>
        </marc:datafield>
        <marc:datafield tag="797" ind1="1" ind2=" ">
            <marc:subfield code="a">PA. Philadelphia.</marc:subfield>
            <marc:subfield code="f">1769.</marc:subfield>
            <marc:subfield code="9">Imprint</marc:subfield>
        </marc:datafield>
        <marc:datafield tag="797" ind1="2" ind2=" ">
            <marc:subfield code="a">University of Pennsylvania.</marc:subfield>
            <marc:subfield code="b">Department of Medicine,</marc:subfield>
            <marc:subfield code="e">associated name.</marc:subfield>
            <marc:subfield code="9">Provenance</marc:subfield>
        </marc:datafield>
        <marc:datafield tag="796" ind1="1" ind2=" ">
            <marc:subfield code="a">Rush, Benjamin,</marc:subfield>
            <marc:subfield code="d">1746-1813,</marc:subfield>
            <marc:subfield code="e">former owner.</marc:subfield>
            <marc:subfield code="9">Provenance</marc:subfield>
        </marc:datafield>
        <marc:datafield tag="850" ind1=" " ind2=" ">
            <marc:subfield code="a">7394.F.15 (Rush)</marc:subfield>
        </marc:datafield>
        <marc:datafield tag="852" ind1=" " ind2=" ">
            <marc:subfield code="a">Library Company of Philadelphia</marc:subfield>
            <marc:subfield code="b">Library Company</marc:subfield>
            <marc:subfield code="c">RARE</marc:subfield>
         <marc:subfield code="e">Philadelphia</marc:subfield>
            <marc:subfield code="j">Rush MSS Vol. 124 (Professorship at University of Pennsylvania) Yi2 7394.F.15 (Rush)</marc:subfield>
            <marc:subfield code="x">CID=SD</marc:subfield>
        </marc:datafield>
    </marc:record></marc:collection>